@book{exploringrpi, 
    Author = {Derek Molloy}, 
    Title = {Exploring Raspberry Pi: Interfacing to the Real World with Embedded Linux}, 
    Publisher = {Wiley}, 
    Year = {2016}, 
    ISBN = {978-1-119-1868-1}, 
    URL = {http://www.exploringrpi.com/} 
}

@manual{DS3231,
    organization  = "Maxim Integrated",
    title         = "Extremely Accurate I2C-Integrated RTC/TCXO/Crystal",
    number        = "DS3231",
    year          =  2015,
    URL = {https://www.analog.com/media/en/technical-documentation/data-sheets/DS3231.pdf} 
}

@manual{AT24C32,
    organization  = "Atmel Corporation",
    title         = "2-Wire Serial EEPROM",
    number        = "AT24C32",
    year          =  2003,
    URL = {https://ww1.microchip.com/downloads/en/DeviceDoc/doc0336.pdf}
}
